
@book{rouquette_xelatex_2012,
	location = {Tampere},
	title = {(Xe)LaTeX appliqué aux sciences humaines: le seul livre sur {LaTeX} sans une seule équation !},
	isbn = {9789522730732},
	url = {http://mirrors.ctan.org/info/latex-sciences-humaines.pdf},
	pagetotal = {268},
	publisher = {Atramenta},
	author = {Rouquette, Maïeul},
	editora = {Chabannes, Brendan},
	editoratype = {collaborator},
	urldate = {2014-04-14},
	date = {2012},
	keywords = {{LaTeX} (langage de balisage)}
}

@book{forest_droit_2011,
	location = {Paris},
	title = {Droit des données personnelles},
	isbn = {9782297015028},
	series = {Droit en action},
	pagetotal = {117},
	publisher = {Gualino-Lextenso éd},
	author = {Forest, David},
	date = {2011},
	keywords = {données personnelles, droit de la personnalité, Droits de la personnalité, France, Protection de l'information (informatique)}
}

@book{bertholet_livres_1890,
	location = {Utopia},
	edition = {2e éd.},
	title = {Le livres des exemples : un objet fictif.},
	isbn = {9781234567890},
	pagetotal = {33},
	publisher = {L'Âge du Test},
	author = {Bertholet, Alfred},
	date = {1890}
}
